@inproceedings{DBLP:conf/popl/Leroy06,
  author    = {Xavier Leroy},
  editor    = {J. Gregory Morrisett and
               Simon L. Peyton Jones},
  title     = {Formal certification of a compiler back-end or: programming a compiler
               with a proof assistant},
  booktitle = {Proceedings of the 33rd {ACM} {SIGPLAN-SIGACT} Symposium on Principles
               of Programming Languages, {POPL} 2006, Charleston, South Carolina,
               USA, January 11-13, 2006},
  pages     = {42--54},
  publisher = {{ACM}},
  year      = {2006},
  url       = {https://doi.org/10.1145/1111037.1111042},
  doi       = {10.1145/1111037.1111042},
  timestamp = {Sat, 31 Jul 2021 17:22:14 +0200},
  biburl    = {https://dblp.org/rec/conf/popl/Leroy06.bib},
  bibsource = {dblp computer science bibliography, https://dblp.org}
}

@inproceedings{DBLP:conf/cpp/BoulierPT17,
  author    = {Simon Boulier and
               Pierre{-}Marie P{\'{e}}drot and
               Nicolas Tabareau},
  editor    = {Yves Bertot and
               Viktor Vafeiadis},
  title     = {The next 700 syntactical models of type theory},
  booktitle = {Proceedings of the 6th {ACM} {SIGPLAN} Conference on Certified Programs
               and Proofs, {CPP} 2017, Paris, France, January 16-17, 2017},
  pages     = {182--194},
  publisher = {{ACM}},
  year      = {2017},
  url       = {https://doi.org/10.1145/3018610.3018620},
  doi       = {10.1145/3018610.3018620},
  timestamp = {Tue, 06 Nov 2018 16:59:23 +0100},
  biburl    = {https://dblp.org/rec/conf/cpp/BoulierPT17.bib},
  bibsource = {dblp computer science bibliography, https://dblp.org}
}

@inproceedings{DBLP:conf/popl/MinamideMH96,
  author    = {Yasuhiko Minamide and
               J. Gregory Morrisett and
               Robert Harper},
  editor    = {Hans{-}Juergen Boehm and
               Guy L. Steele Jr.},
  title     = {Typed Closure Conversion},
  booktitle = {Conference Record of POPL'96: The 23rd {ACM} {SIGPLAN-SIGACT} Symposium
               on Principles of Programming Languages, Papers Presented at the Symposium,
               St. Petersburg Beach, Florida, USA, January 21-24, 1996},
  pages     = {271--283},
  publisher = {{ACM} Press},
  year      = {1996},
  url       = {https://doi.org/10.1145/237721.237791},
  doi       = {10.1145/237721.237791},
  timestamp = {Tue, 06 Nov 2018 11:07:43 +0100},
  biburl    = {https://dblp.org/rec/conf/popl/MinamideMH96.bib},
  bibsource = {dblp computer science bibliography, https://dblp.org}
}

@misc{AgdaDoc,
  author = {The {Agda} team},
  title = {The {Agda} User Manual},
  howpublished = {\url{https://agda.readthedocs.io/en/v2.6.2.1/index.html}},
  year = {2021},
}

@inproceedings{DBLP:conf/popl/Necula97,
  author    = {George C. Necula},
  editor    = {Peter Lee and
               Fritz Henglein and
               Neil D. Jones},
  title     = {Proof-Carrying Code},
  booktitle = {Conference Record of POPL'97: The 24th {ACM} {SIGPLAN-SIGACT} Symposium
               on Principles of Programming Languages, Papers Presented at the Symposium,
               Paris, France, 15-17 January 1997},
  pages     = {106--119},
  publisher = {{ACM} Press},
  year      = {1997},
  url       = {https://doi.org/10.1145/263699.263712},
  doi       = {10.1145/263699.263712},
  timestamp = {Tue, 06 Nov 2018 11:07:43 +0100},
  biburl    = {https://dblp.org/rec/conf/popl/Necula97.bib},
  bibsource = {dblp computer science bibliography, https://dblp.org}
}

@inproceedings{DBLP:conf/icfp/BellBH97,
  author    = {Jeffrey M. Bell and
               Fran{\c{c}}oise Bellegarde and
               James Hook},
  editor    = {Simon L. Peyton Jones and
               Mads Tofte and
               A. Michael Berman},
  title     = {Type-Driven Defunctionalization},
  booktitle = {Proceedings of the 1997 {ACM} {SIGPLAN} International Conference on
               Functional Programming {(ICFP} '97), Amsterdam, The Netherlands, June
               9-11, 1997},
  pages     = {25--37},
  publisher = {{ACM}},
  year      = {1997},
  url       = {https://doi.org/10.1145/258948.258953},
  doi       = {10.1145/258948.258953},
  timestamp = {Thu, 08 Jul 2021 16:04:01 +0200},
  biburl    = {https://dblp.org/rec/conf/icfp/BellBH97.bib},
  bibsource = {dblp computer science bibliography, https://dblp.org}
}

@inproceedings{DBLP:conf/tacs/BanerjeeHR01,
  author    = {Anindya Banerjee and
               Nevin Heintze and
               Jon G. Riecke},
  editor    = {Naoki Kobayashi and
               Benjamin C. Pierce},
  title     = {Design and Correctness of Program Transformations Based on Control-Flow
               Analysis},
  booktitle = {Theoretical Aspects of Computer Software, 4th International Symposium,
               {TACS} 2001, Sendai, Japan, October 29-31, 2001, Proceedings},
  series    = {Lecture Notes in Computer Science},
  volume    = {2215},
  pages     = {420--447},
  publisher = {Springer},
  year      = {2001},
  url       = {https://doi.org/10.1007/3-540-45500-0\_21},
  doi       = {10.1007/3-540-45500-0\_21},
  timestamp = {Tue, 14 May 2019 10:00:51 +0200},
  biburl    = {https://dblp.org/rec/conf/tacs/BanerjeeHR01.bib},
  bibsource = {dblp computer science bibliography, https://dblp.org}
}

@inproceedings{DBLP:conf/ppdp/DanvyN01,
  author    = {Olivier Danvy and
               Lasse R. Nielsen},
  title     = {Defunctionalization at Work},
  booktitle = {Proceedings of the 3rd international {ACM} {SIGPLAN} conference on
               Principles and practice of declarative programming, September 5-7,
               2001, Florence, Italy},
  pages     = {162--174},
  publisher = {{ACM}},
  year      = {2001},
  url       = {https://doi.org/10.1145/773184.773202},
  doi       = {10.1145/773184.773202},
  timestamp = {Tue, 06 Nov 2018 16:57:25 +0100},
  biburl    = {https://dblp.org/rec/conf/ppdp/DanvyN01.bib},
  bibsource = {dblp computer science bibliography, https://dblp.org}
}

@inproceedings{DBLP:conf/esop/CejtinJW00,
  author    = {Henry Cejtin and
               Suresh Jagannathan and
               Stephen Weeks},
  editor    = {Gert Smolka},
  title     = {Flow-Directed Closure Conversion for Typed Languages},
  booktitle = {Programming Languages and Systems, 9th European Symposium on Programming,
               {ESOP} 2000, Held as Part of the European Joint Conferences on the
               Theory and Practice of Software, {ETAPS} 2000, Berlin, Germany, March
               25 - April 2, 2000, Proceedings},
  series    = {Lecture Notes in Computer Science},
  volume    = {1782},
  pages     = {56--71},
  publisher = {Springer},
  year      = {2000},
  url       = {https://doi.org/10.1007/3-540-46425-5\_4},
  doi       = {10.1007/3-540-46425-5\_4},
  timestamp = {Tue, 14 May 2019 10:00:41 +0200},
  biburl    = {https://dblp.org/rec/conf/esop/CejtinJW00.bib},
  bibsource = {dblp computer science bibliography, https://dblp.org}
}

@article{DBLP:journals/iandc/CoquandH88,
  author    = {Thierry Coquand and
               G{\'{e}}rard P. Huet},
  title     = {The Calculus of Constructions},
  journal   = {Inf. Comput.},
  volume    = {76},
  number    = {2/3},
  pages     = {95--120},
  year      = {1988},
  url       = {https://doi.org/10.1016/0890-5401(88)90005-3},
  doi       = {10.1016/0890-5401(88)90005-3},
  timestamp = {Fri, 12 Feb 2021 22:15:30 +0100},
  biburl    = {https://dblp.org/rec/journals/iandc/CoquandH88.bib},
  bibsource = {dblp computer science bibliography, https://dblp.org}
}

@phdthesis{DBLP:phd/ethos/Luo90,
  author    = {Zhaohui Luo},
  title     = {An extended calculus of constructions},
  school    = {University of Edinburgh, {UK}},
  year      = {1990},
  url       = {https://hdl.handle.net/1842/12487},
  timestamp = {Wed, 04 May 2022 12:59:17 +0200},
  biburl    = {https://dblp.org/rec/phd/ethos/Luo90.bib},
  bibsource = {dblp computer science bibliography, https://dblp.org}
}

@inproceedings{DBLP:conf/popl/WangA01,
  author    = {Daniel C. Wang and
               Andrew W. Appel},
  editor    = {Chris Hankin and
               Dave Schmidt},
  title     = {Type-preserving garbage collectors},
  booktitle = {Conference Record of {POPL} 2001: The 28th {ACM} {SIGPLAN-SIGACT}
               Symposium on Principles of Programming Languages, London, UK, January
               17-19, 2001},
  pages     = {166--178},
  publisher = {{ACM}},
  year      = {2001},
  url       = {https://doi.org/10.1145/360204.360218},
  doi       = {10.1145/360204.360218},
  timestamp = {Thu, 14 Oct 2021 09:53:20 +0200},
  biburl    = {https://dblp.org/rec/conf/popl/WangA01.bib},
  bibsource = {dblp computer science bibliography, https://dblp.org}
}

@article{DBLP:journals/jfp/TolmachO98,
  author    = {Andrew P. Tolmach and
               Dino Oliva},
  title     = {From {ML} to {Ada}: Strongly-Typed Language Interoperability via Source
               Translation},
  journal   = {J. Funct. Program.},
  volume    = {8},
  number    = {4},
  pages     = {367--412},
  year      = {1998},
  url       = {http://journals.cambridge.org/action/displayAbstract?aid=44181},
  timestamp = {Fri, 10 Jun 2011 14:42:11 +0200},
  biburl    = {https://dblp.org/rec/journals/jfp/TolmachO98.bib},
  bibsource = {dblp computer science bibliography, https://dblp.org}
}

@article{DBLP:journals/lisp/ChinD96,
  author    = {Wei{-}Ngan Chin and
               John Darlington},
  title     = {A Higher-Order Removal Method},
  journal   = {{LISP} Symb. Comput.},
  volume    = {9},
  number    = {4},
  pages     = {287--322},
  year      = {1996},
  timestamp = {Thu, 21 May 2020 19:35:52 +0200},
  biburl    = {https://dblp.org/rec/journals/lisp/ChinD96.bib},
  bibsource = {dblp computer science bibliography, https://dblp.org}
}

@inproceedings{DBLP:conf/popl/GuKRSWWZG15,
  author    = {Ronghui Gu and
               J{\'{e}}r{\'{e}}mie Koenig and
               Tahina Ramananandro and
               Zhong Shao and
               Xiongnan (Newman) Wu and
               Shu{-}Chun Weng and
               Haozhong Zhang and
               Yu Guo},
  editor    = {Sriram K. Rajamani and
               David Walker},
  title     = {Deep Specifications and Certified Abstraction Layers},
  booktitle = {Proceedings of the 42nd Annual {ACM} {SIGPLAN-SIGACT} Symposium on
               Principles of Programming Languages, {POPL} 2015, Mumbai, India, January
               15-17, 2015},
  pages     = {595--608},
  publisher = {{ACM}},
  year      = {2015},
  url       = {https://doi.org/10.1145/2676726.2676975},
  doi       = {10.1145/2676726.2676975},
  timestamp = {Sat, 09 Apr 2022 12:36:01 +0200},
  biburl    = {https://dblp.org/rec/conf/popl/GuKRSWWZG15.bib},
  bibsource = {dblp computer science bibliography, https://dblp.org}
}

@inproceedings{DBLP:conf/popl/PottierG04,
  author    = {Fran{\c{c}}ois Pottier and
               Nadji Gauthier},
  editor    = {Neil D. Jones and
               Xavier Leroy},
  title     = {Polymorphic typed defunctionalization},
  booktitle = {Proceedings of the 31st {ACM} {SIGPLAN-SIGACT} Symposium on Principles
               of Programming Languages, {POPL} 2004, Venice, Italy, January 14-16,
               2004},
  pages     = {89--98},
  publisher = {{ACM}},
  year      = {2004},
  url       = {https://doi.org/10.1145/964001.964009},
  doi       = {10.1145/964001.964009},
  timestamp = {Fri, 25 Jun 2021 14:48:54 +0200},
  biburl    = {https://dblp.org/rec/conf/popl/PottierG04.bib},
  bibsource = {dblp computer science bibliography, https://dblp.org}
}

@inproceedings{DBLP:conf/pldi/BowmanA18,
  author    = {William J. Bowman and
               Amal Ahmed},
  editor    = {Jeffrey S. Foster and
               Dan Grossman},
  title     = {Typed closure conversion for the calculus of constructions},
  booktitle = {Proceedings of the 39th {ACM} {SIGPLAN} Conference on Programming
               Language Design and Implementation, {PLDI} 2018, Philadelphia, PA,
               USA, June 18-22, 2018},
  pages     = {797--811},
  publisher = {{ACM}},
  year      = {2018},
  url       = {https://doi.org/10.1145/3192366.3192372},
  doi       = {10.1145/3192366.3192372},
  timestamp = {Wed, 23 Jun 2021 15:34:31 +0200},
  biburl    = {https://dblp.org/rec/conf/pldi/BowmanA18.bib},
  bibsource = {dblp computer science bibliography, https://dblp.org}
}

@inproceedings{DBLP:conf/acm/Reynolds72,
  author    = {John C. Reynolds},
  editor    = {John J. Donovan and
               Rosemary Shields},
  title     = {Definitional interpreters for higher-order programming languages},
  booktitle = {Proceedings of the {ACM} annual conference, {ACM} 1972, 1972, Volume
               2},
  pages     = {717--740},
  publisher = {{ACM}},
  year      = {1972},
  url       = {https://doi.org/10.1145/800194.805852},
  doi       = {10.1145/800194.805852},
  timestamp = {Tue, 13 Apr 2021 15:15:52 +0200},
  biburl    = {https://dblp.org/rec/conf/acm/Reynolds72.bib},
  bibsource = {dblp computer science bibliography, https://dblp.org}
}

@phdthesis{bowman2019compiling,
  title={Compiling with Dependent Types},
  author={Bowman, William J},
  year={2019},
  school={Northeastern University}
}

@article{nielsen2000denotational,
  title={A denotational investigation of defunctionalization},
  author={Nielsen, Lasse R},
  journal={BRICS Report Series},
  volume={7},
  number={47},
  year={2000}
}

@techreport{morrisett1995compiling,
  title={Compiling with types},
  author={Morrisett, Greg},
  year={1995},
  institution={CARNEGIE-MELLON UNIV PITTSBURGH PA SCHOOL OF COMPUTER SCIENCE}
}

@inproceedings{DBLP:conf/pldi/TarditiMCSHL96,
  author    = {David Tarditi and
               J. Gregory Morrisett and
               Perry Cheng and
               Christopher A. Stone and
               Robert Harper and
               Peter Lee},
  editor    = {Charles N. Fischer},
  title     = {{TIL:} {A} Type-Directed Optimizing Compiler for {ML}},
  booktitle = {Proceedings of the {ACM} SIGPLAN'96 Conference on Programming Language
               Design and Implementation (PLDI), Philadephia, Pennsylvania, USA,
               May 21-24, 1996},
  pages     = {181--192},
  publisher = {{ACM}},
  year      = {1996},
  url       = {https://doi.org/10.1145/231379.231414},
  doi       = {10.1145/231379.231414},
  timestamp = {Thu, 08 Jul 2021 16:04:02 +0200},
  biburl    = {https://dblp.org/rec/conf/pldi/TarditiMCSHL96.bib},
  bibsource = {dblp computer science bibliography, https://dblp.org}
}

@article{DBLP:journals/pacmpl/BowmanCRA18,
  author    = {William J. Bowman and
               Youyou Cong and
               Nick Rioux and
               Amal Ahmed},
  title     = {Type-preserving {CPS} translation of {\(\Sigma\)} and {\(\Pi\)} types
               is not not possible},
  journal   = {Proc. {ACM} Program. Lang.},
  volume    = {2},
  number    = {{POPL}},
  pages     = {22:1--22:33},
  year      = {2018},
  url       = {https://doi.org/10.1145/3158110},
  doi       = {10.1145/3158110},
  timestamp = {Wed, 17 Feb 2021 08:54:13 +0100},
  biburl    = {https://dblp.org/rec/journals/pacmpl/BowmanCRA18.bib},
  bibsource = {dblp computer science bibliography, https://dblp.org}
}

@article{DBLP:journals/toplas/MorrisettWCG99,
  author    = {J. Gregory Morrisett and
               David Walker and
               Karl Crary and
               Neal Glew},
  title     = {From system {F} to typed assembly language},
  journal   = {{ACM} Trans. Program. Lang. Syst.},
  volume    = {21},
  number    = {3},
  pages     = {527--568},
  year      = {1999},
  url       = {https://doi.org/10.1145/319301.319345},
  doi       = {10.1145/319301.319345},
  timestamp = {Tue, 06 Nov 2018 12:51:29 +0100},
  biburl    = {https://dblp.org/rec/journals/toplas/MorrisettWCG99.bib},
  bibsource = {dblp computer science bibliography, https://dblp.org}
}

@inproceedings{DBLP:conf/icfp/XiH01,
  author    = {Hongwei Xi and
               Robert Harper},
  editor    = {Benjamin C. Pierce},
  title     = {A Dependently Typed Assembly Language},
  booktitle = {Proceedings of the Sixth {ACM} {SIGPLAN} International Conference
               on Functional Programming {(ICFP} '01), Firenze (Florence), Italy,
               September 3-5, 2001},
  pages     = {169--180},
  publisher = {{ACM}},
  year      = {2001},
  url       = {https://doi.org/10.1145/507635.507657},
  doi       = {10.1145/507635.507657},
  timestamp = {Wed, 07 Jul 2021 17:30:33 +0200},
  biburl    = {https://dblp.org/rec/conf/icfp/XiH01.bib},
  bibsource = {dblp computer science bibliography, https://dblp.org}
}
